<?xml version="1.0" encoding="UTF-8"?><collection xmlns="http://www.loc.gov/MARC21/slim"><record><leader>00627nam--2200193-i-4500</leader><controlfield tag="001">000043179</controlfield><controlfield tag="002">20161230</controlfield><controlfield tag="005">20161230201043</controlfield><controlfield tag="008">060222s1000------------r-----000-0-eng-d</controlfield><datafield ind1=" " ind2=" " tag="040"><subfield code="a">IFIN-HH</subfield></datafield><datafield ind1=" " ind2=" " tag="080"><subfield code="a">539.4</subfield></datafield><datafield ind1="1" ind2=" " tag="100"><subfield code="a">Kolsky, Herbert</subfield></datafield><datafield ind1="1" ind2="0" tag="245"><subfield code="a">Stress waves in inelastic solids</subfield><subfield code="b">Symposium held al brown univ., providence, r.i., april 3-5, 1963</subfield><subfield code="c">Herbert kolsky, william prager (eds.)</subfield></datafield><datafield ind1=" " ind2=" " tag="260"><subfield code="a">Berlin</subfield><subfield code="b">Springer-verlag</subfield><subfield code="c">1964</subfield></datafield><datafield ind1=" " ind2=" " tag="300"><subfield code="a">XI+342P</subfield></datafield><datafield ind1=" " ind2=" " tag="490"><subfield code="a">International Union Of Theoretical And Applied Mechanics</subfield></datafield><datafield ind1="1" ind2=" " tag="700"><subfield code="a">Prager, William</subfield><subfield code="e">Ed</subfield></datafield><datafield ind1=" " ind2=" " tag="852"><subfield code="a">22197</subfield><subfield code="c">539.4</subfield></datafield><datafield ind1=" " ind2=" " tag="CAT"><subfield code="a">Sys</subfield><subfield code="c">20130129</subfield><subfield code="h">113303</subfield></datafield></record></collection>